% Encoding: UTF-8

@Misc{henrique_illa_font_projeto_2002,
  author    = {Henrique Illa Font, Carlos and Luiz Alves, Ricardo and Barbi, Ivo},
  title     = {Projeto físico de indutores e transformadores},
  month     = mar,
  year      = {2002},
  publisher = {INEP-UFSC},
}

@misc{noauthor_ptc_nodate,
	title = {{PTC} {Mathcad} {\textbar} {PTC}},
	url = {https://www.ptc.com/en/mathcad-download},
	abstract = {PTC Mathcad is the industry’s leading 3D CAD software, try it today.},
	urldate = {2017-09-10},
	file = {Snapshot:C\:\\Users\\adria\\Zotero\\storage\\YZIGRH4J\\free-download.html:text/html}
}

@misc{noauthor_psim_nodate,
	title = {{PSIM} {Electronic} {Simulation} {Software} {\textbar} {Powersim}},
	url = {https://powersimtech.com/},
	abstract = {Optimal solutions for any power electronics simulation requirement. Reduce your development cost and time-to-market. Learn more about PSIM and SmartCtrl.},
	urldate = {2017-09-10},
	journal = {Powersim Inc},
	file = {Snapshot:C\:\\Users\\adria\\Zotero\\storage\\PF75BPMF\\powersimtech.com.html:text/html}
}

@book{noauthor_fundamentals_nodate,
	title = {Fundamentals of {Power} {Electronics} {\textbar} {Robert} {W}. {Erickson} {\textbar} {Springer}},
	url = {http://www.springer.com/us/book/9780792372707},
	abstract = {Fundamentals of Power Electronics, Second Edition, is an  up-to-date and authoritative text and reference book on power  electronics. This new edition...},
	urldate = {2017-09-10},
	file = {Snapshot:C\:\\Users\\adria\\Zotero\\storage\\R93T4P38\\9780792372707.html:text/html}
}

@misc{noauthor_end--end_nodate,
	title = {End-to-end {Custom} {Circuit} {Designs} {\textbar} {WEBENCH}® {Tools} {\textbar} {TI}.com},
	url = {http://www.ti.com/design-tools/overview.html},
	urldate = {2017-09-10},
	file = {End-to-end Custom Circuit Designs | WEBENCH® Tools | TI.com:C\:\\Users\\adria\\Zotero\\storage\\BRTF8E8N\\overview.html:text/html}
}

@misc{noauthor_magnetics_nodate,
	title = {Magnetics - {Home}},
	url = {https://www.mag-inc.com/},
	urldate = {2017-09-10},
	file = {Magnetics - Home:C\:\\Users\\adria\\Zotero\\storage\\W24LRZHK\\www.mag-inc.com.html:text/html}
}

@misc{noauthor_thornton_nodate,
	title = {{THORNTON} - {HOME}},
	url = {http://www.thornton.com.br/home.htm},
	urldate = {2017-09-10},
	file = {THORNTON - HOME:C\:\\Users\\adria\\Zotero\\storage\\5UGU2EFA\\home.html:text/html}
}

@Book{inep-cccc-2006,
  title  = {Conversores CC-CC Básicos Não-Isolados},
  year   = {2006},
  author = {Barbi, Ivo and Martins, Denizar Cruz},
  editor = {Edição dos Autores},
}

@Comment{jabref-meta: databaseType:bibtex;}
